%  These bibs copied from google scholar's magical bibtex generation

@article{chati2001random,
  title={Random walk method for the two-and three-dimensional Laplace, Poisson and Helmholtz's equations},
  author={Chati, Mandar K and Grigoriu, Mircea D and Kulkarni, Salil S and Mukherjee, Subrata},
  journal={International Journal for Numerical Methods in Engineering},
  volume={51},
  number={10},
  pages={1133--1156},
  year={2001},
  publisher={Wiley Online Library}
}

@book{roberts2009elementary,
  title={Elementary calculus of financial mathematics},
  author={Roberts, Anthony John},
  volume={15},
  year={2009},
  publisher={SIAM}
}

@article{reynolds1965proof,
  title={A proof of the random-walk method for solving Laplace's equation in 2-D},
  author={Reynolds, JF},
  journal={The Mathematical Gazette},
  pages={416--420},
  year={1965},
  publisher={JSTOR}
}

@book{lawler2010random,
  title={Random walk and the heat equation},
  author={Lawler, Gregory F},
  volume={55},
  year={2010},
  publisher={American Mathematical Soc.}
}

@book{mattheij2005partial,
  title={Partial differential equations: modeling, analysis, computation},
  author={Mattheij, Robert MM and Rienstra, Sjoerd W and ten Thije Boonkkamp, Jan HM},
  volume={10},
  year={2005},
  publisher={Siam}
}
